% Książka.
@book{martin2017,
  author    = {Robert C. Martin},
  title     = {Clean Architecture: A Craftsman's Guide to Software Structure and Design},
  publisher = {Pearson},
  year      = {2017}
}

@misc{axonframework,
  title        = {Axon Framework},
  howpublished = {Dostęp zdalny (07.06.2023): \url{https://docs.axoniq.io/reference-guide}}
}

@misc{springboot,
  title        = {Framework Spring Boot},
  howpublished = {Dostęp zdalny (07.06.2023): \url{https://spring.io/projects/spring-boot}}
}

@misc{eventstorming,
  title        = {Event Storming},
  howpublished = {Dostęp zdalny (07.06.2023): \url{https://www.ibm.com/cloud/architecture/architecture/practices/event-storming-methodology-architecture}}
}

@misc{miro,
  title        = {Platforma Miro},
  howpublished = {Dostęp zdalny (07.06.2023): \url{https://miro.com}}
}

@misc{jvm,
  title        = {Platforma Java Virtual Machine},
  howpublished = {Dostęp zdalny (07.06.2023): \url{https://docs.oracle.com/en/database/oracle/oracle-database/21/jjdev/Oracle-JVM-overview.html}}
}

@misc{nosql,
  title        = {Bazy danych NoSQL},
  howpublished = {Dostęp zdalny (07.06.2023): \url{https://www.mongodb.com/nosql-explained}}
}

@misc{mongodb,
  title        = {Baza MongoDB},
  howpublished = {Dostęp zdalny (07.06.2023): \url{https://www.mongodb.com/docs/manual}}
}

@misc{json,
  title        = {Specyfikacja formatu JSON},
  howpublished = {Dostęp zdalny (07.06.2023): \url{https://www.json.org/json-en.html}}
}

@misc{react,
  title        = {Biblioteka React},
  howpublished = {Dostęp zdalny (07.06.2023): \url{https://react.dev}}
}

@misc{remix,
  title        = {Biblioteka Remix},
  howpublished = {Dostęp zdalny (07.06.2023): \url{https://remix.run}}
}

@misc{kotlin,
  title        = {Język Kotlin},
  howpublished = {Dostęp zdalny (07.06.2023): \url{https://kotlinlang.org}}
}

@misc{typescript,
  title        = {Język TypeScript},
  howpublished = {Dostęp zdalny (07.06.2023): \url{https://www.typescriptlang.org}}
}

@misc{docker,
  title        = {Narzędzie Docker},
  howpublished = {Dostęp zdalny (07.06.2023): \url{https://www.docker.com}}
}

@misc{kubernetes,
  title        = {Narzędzie Kubernetes},
  howpublished = {Dostęp zdalny (07.06.2023): \url{https://kubernetes.io}}
}

@misc{githubactions,
  title        = {Platforma Github Actions},
  howpublished = {Dostęp zdalny (07.06.2023): \url{https://github.com/features/actions}}
}

@misc{prometheus,
  title        = {Narzędzie Prometheus},
  howpublished = {Dostęp zdalny (07.06.2023): \url{https://prometheus.io}}
}

@misc{grafana,
  title        = {Narzędzie Grafana},
  howpublished = {Dostęp zdalny (07.06.2023): \url{https://grafana.com}}
}

@misc{loki,
  title        = {Narzędzie Loki},
  howpublished = {Dostęp zdalny (07.06.2023): \url{https://grafana.com/oss/loki}}
}

@misc{intellij,
  title        = {IDE IntelliJ IDEA},
  howpublished = {Dostęp zdalny (07.06.2023): \url{https://www.jetbrains.com/idea}}
}

@misc{dockercompose,
  title        = {Narzędzie Docker Compose},
  howpublished = {Dostęp zdalny (07.06.2023): \url{https://docs.docker.com/compose}}
}

@misc{git,
  title        = {Narzędzie Git},
  howpublished = {Dostęp zdalny (07.06.2023): \url{https://git-scm.com}}
}

@misc{ubuntu2204,
  title        = {System operacyjny Ubuntu 22.04},
  howpublished = {Dostęp zdalny (07.06.2023): \url{https://releases.ubuntu.com/jammy/}}
}

@misc{microk8s,
  title        = {Klaster Kubernetes - MicroK8s},
  howpublished = {Dostęp zdalny (07.06.2023): \url{https://microk8s.io}}
}

@misc{auth0,
  title        = {Platforma Auth0},
  howpublished = {Dostęp zdalny (07.06.2023): \url{https://auth0.com}}
}

@misc{moqups,
  title        = {Narzędzie Moqups},
  howpublished = {Dostęp zdalny (07.06.2023): \url{https://moqups.com}}
}

@misc{wireframing,
  title        = {Technika "wireframingu"},
  howpublished = {Dostęp zdalny (07.06.2023): \url{https://www.experienceux.co.uk/faqs/what-is-wireframing}}
}

@unpublished{boundedcontext,
  author = {Martin Fowler},
  note   = {Dostęp zdalny (07.06.2023): \url{https://martinfowler.com/bliki/BoundedContext.html}},
  title  = {Bounded Context},
  year   = {2014}
}

@unpublished{cqrs,
  author = {Martin Fowler},
  note   = {Dostęp zdalny (07.06.2023): \url{https://martinfowler.com/bliki/CQRS.html}},
  title  = {CQRS},
  year   = {2011}
}

@unpublished{eventsourcing,
  author = {Martin Fowler},
  note   = {Dostęp zdalny (07.06.2023): \url{https://martinfowler.com/eaaDev/EventSourcing.html}},
  title  = {Event Sourcing},
  year   = {2005}
}
